@article{McCulloch43,
  title={A logical calculus of the ideas immanent in nervous activity},
  author={McCulloch, Warren S and Pitts, Walter},
  journal={The bulletin of mathematical biophysics},
  volume={5},
  number={4},
  pages={115--133},
  year={1943},
  publisher={Springer}
}

@article{Hebb49,
  title={0.(1949) The organization of behavior: A neuropsychological theory},
  author={Hebb, Donald},
  journal={New York}
}


@article{Rosenblatt58,
  address = {US},
  author = {Rosenblatt, F.},
  journal = {Psychological Review},
  number = 6,
  pages = {386--408},
  publisher = {American Psychological Association},
  title = {The perceptron: A probabilistic model for information storage and organization in the brain},
  volume = 65,
  year = {1958}
}

@article{Jordan86,
  title={Serial Order: A Parallel Distributed Processing Approach.},
  author={Jordan, Michael I},
  year={1986},
  publisher={ERIC}
}

@article{Williams89,
  title={A learning algorithm for continually running fully recurrent neural networks},
  author={Williams, Ronald J and Zipser, David},
  journal={Neural computation},
  volume={1},
  number={2},
  pages={270--280},
  year={1989},
  publisher={MIT Press}
}

@article{Pearlmutter89,
  title={Learning state space trajectories in recurrent neural networks},
  author={Pearlmutter, Barak A},
  journal={Neural Computation},
  volume={1},
  number={2},
  pages={263--269},
  year={1989},
  publisher={MIT Press}
}


@article{Zhang02,
  title={A recurrent neural network for solving Sylvester equation with time-varying coefficients},
  author={Zhang, Yunong and Jiang, Danchi and Wang, Jun},
  journal={Neural Networks, IEEE Transactions on},
  volume={13},
  number={5},
  pages={1053--1063},
  year={2002},
  publisher={IEEE}
}

@article{Wang02,
  title={RNN-based prosodic modeling for mandarin speech and its application to speech-to-text conversion},
  author={Wang, Wern-Jun and Liao, Yuan-Fu and Chen, Sin-Horng},
  journal={Speech Communication},
  volume={36},
  number={3},
  pages={247--265},
  year={2002},
  publisher={Elsevier}
}

%------------------------
@article{Hochreiter91,
  title={Untersuchungen zu dynamischen neuronalen Netzen},
  author={Hochreiter, Sepp},
  journal={Master's thesis, Institut fur Informatik, Technische Universitat, Munchen},
  year={1991}
}

@article{Hochreiter97,
    title={Long short-term memory},
    author={Hochreiter, Sepp and Schmidhuber, J{\"u}rgen},
    journal={Neural computation},
    volume={9},
    number={8},
    pages={1735--1780},
    year={1997},
    publisher={MIT Press},
    url={http://deeplearning.cs.cmu.edu/pdfs/Hochreiter97_lstm.pdf}
}

@article{Gers00,
    title={Learning to forget: Continual prediction with LSTM},
    author={Gers, Felix A and Schmidhuber, J{\"u}rgen and Cummins, Fred},
    journal={Neural computation},
    volume={12},
    number={10},
    pages={2451--2471},
    year={2000},
    publisher={MIT Press},
    url={http://citeseerx.ist.psu.edu/viewdoc/download?doi=10.1.1.55.5709&rep=rep1&type=pdf}
}

@incollection{Graves05a,
    title={Bidirectional LSTM networks for improved phoneme classification and recognition},
    author={Graves, Alex and Fern{\'a}ndez, Santiago and Schmidhuber, J{\"u}rgen},
    booktitle={Artificial Neural Networks: Formal Models and Their Applications--ICANN 2005},
    pages={799--804},
    year={2005},
    publisher={Springer},
    url={http://www6.in.tum.de/pub/Main/Publications/Graves2005c.pdf}
} 43

@article{Graves05b,
    title={Framewise phoneme classification with bidirectional LSTM and other neural network architectures},
    author={Graves, Alex and Schmidhuber, J{\"u}rgen},
    journal={Neural Networks},
    volume={18},
    number={5},
    pages={602--610},
    year={2005},
    publisher={Pergamon},
    url={http://www.cs.toronto.edu/~graves/nn_2005.pdf}
} 148

Learning nonregular languages: A comparison of simple recurrent networks and LSTM
http://www.felixgers.de/papers/2002_nc.ps.gz

@article{Gers03,
    title={Learning precise timing with LSTM recurrent networks},
    author={Gers, Felix A and Schraudolph, Nicol N and Schmidhuber, J{\"u}rgen},
    journal={The Journal of Machine Learning Research},
    volume={3},
    pages={115--143},
    year={2003},
    publisher={JMLR. org},
    url={http://machinelearning.wustl.edu/mlpapers/paper_files/GersSS02.pdf}
} 121

@article{Gers01,
    title={LSTM recurrent networks learn simple context-free and context-sensitive languages},
    author={Gers, Felix A and Schmidhuber, J{\"u}rgen},
    journal={Neural Networks, IEEE Transactions on},
    volume={12},
    number={6},
    pages={1333--1340},
    year={2001},
    publisher={IEEE}
} 124


@inproceedings{Graves06,
    title={Connectionist temporal classification: labelling unsegmented sequence data with recurrent neural networks},
    author={Graves, Alex and Fern{\'a}ndez, Santiago and Gomez, Faustino and Schmidhuber, J{\"u}rgen},
    booktitle={Proceedings of the 23rd international conference on Machine learning},
    pages={369--376},
    year={2006},
    organization={ACM}
}

@inproceedings{Graves09a,
    title={Offline handwriting recognition with multidimensional recurrent neural networks},
    author={Graves, Alex and Schmidhuber, J{\"u}rgen},
    booktitle={Advances in Neural Information Processing Systems},
    pages={545--552},
    year={2009}
}

@article{Graves09b,
    title={A novel connectionist system for unconstrained handwriting recognition},
    author={Graves, Alex and Liwicki, Marcus and Fern{\'a}ndez, Santiago and Bertolami, Roman and Bunke, Horst and Schmidhuber, J{\"u}rgen},
    journal={Pattern Analysis and Machine Intelligence, IEEE Transactions on},
    volume={31},
    number={5},
    pages={855--868},
    year={2009},
    publisher={IEEE}
}

@book{Graves12,
    title={Supervised sequence labelling with recurrent neural networks},
    author={Graves, Alex},
    volume={385},
    year={2012},
    publisher={Springer}
}

@inproceedings{Graves13a,
    title={Speech recognition with deep recurrent neural networks},
    author={Graves, Alex and Mohamed, A-R and Hinton, Geoffrey},
    booktitle={Acoustics, Speech and Signal Processing (ICASSP), 2013 IEEE International Conference on},
    pages={6645--6649},
    year={2013},
    organization={IEEE}
}

@inproceedings{Graves13b,
    title={Hybrid speech recognition with deep bidirectional LSTM},
    author={Graves, Alex and Jaitly, Navdeep and Mohamed, A-R},
    booktitle={Automatic Speech Recognition and Understanding (ASRU), 2013 IEEE Workshop on},
    pages={273--278},
    year={2013},
    organization={IEEE}
}

@article{Williams95,
    title={Gradient-based learning algorithms for recurrent networks and their computational complexity},
    author={Williams, Ronald J and Zipser, David},
    journal={Back-propagation: Theory, architectures and applications},
    pages={433--486},
    year={1995}
}

@book{Robinson87,
    title={The utility driven dynamic error propagation network},
    author={Robinson, AJ and Fallside, Frank},
    year={1987},
    publisher={University of Cambridge Department of Engineering}
}

@article{Hochreiter07,
    title={Fast model-based protein homology detection without alignment},
    author={Hochreiter, Sepp and Heusel, Martin and Obermayer, Klaus},
    journal={Bioinformatics},
    volume={23},
    number={14},
    pages={1728--1736},
    year={2007},
    publisher={Oxford Univ Press}
}


@article{Sonderby14,
    title = {Protein Secondary Structure Prediction with Long Short Term Memory Networks},
    url = {http://arxiv.org/abs/1412.7828},
    journal = {{arXiv}:1412.7828 [cs, q-bio]},
    author = {Sønderby, Søren Kaae and Winther, Ole},
    month = dec,
    year = {2014},
    note = {{arXiv}: 1412.7828},
}

@inproceedings{Eck02,
    title = {Finding temporal structure in music: blues improvisation with {LSTM} recurrent networks},
    shorttitle = {Finding temporal structure in music},
    doi = {10.1109/NNSP.2002.1030094},
    booktitle = {Proceedings of the 2002 12th {IEEE} Workshop on Neural Networks for Signal Processing, 2002},
    author = {Eck, D. and Schmidhuber, J.},
    year = {2002},
    pages = {747--756},
}

@article{Ciresan11a,
    title={High-performance neural networks for visual object classification},
    author={Cire{\c{s}}an, Dan C and Meier, Ueli and Masci, Jonathan and Gambardella, Luca M and Schmidhuber, J{\"u}rgen},
    journal={arXiv preprint arXiv:1102.0183},
    year={2011}
}

@inproceedings{Ciresan11b,
    title={A committee of neural networks for traffic sign classification},
    author={Cire{\c{s}}an, Dan and Meier, Ueli and Masci, Jonathan and Schmidhuber, J{\"u}rgen},
    booktitle={Neural Networks (IJCNN), The 2011 International Joint Conference on},
    pages={1918--1921},
    year={2011},
    organization={IEEE}
}

@url{Angelica12,
    year={2012},
    title={How bio-inspired deep learning keeps winning competitions},
    author={Angelica, Amara D. and Schmidhuber, J{\"u}rgen},
    url={http://www.kurzweilai.net/how-bio-inspired-deep-learning-keeps-winning-competitions}
}
